<record><leader>00000cas a22000007a 4500</leader><controlfield tag="001">15080109</controlfield><controlfield tag="008">870116d19611964paudn ne      0    0eng d</controlfield><datafield ind1=" " ind2=" " tag="010"><subfield code="a">sn 87078038 </subfield></datafield><datafield ind1=" " ind2=" " tag="040"><subfield code="a">NPH</subfield><subfield code="b">eng</subfield><subfield code="c">NPH</subfield><subfield code="d">OCLCQ</subfield></datafield><datafield ind1=" " ind2=" " tag="042"><subfield code="a">msc</subfield></datafield><datafield ind1="0" ind2="0" tag="245"><subfield code="a">Daily leader-times.</subfield></datafield><datafield ind1=" " ind2=" " tag="260"><subfield code="a">Kittanning, Pa. :</subfield><subfield code="b">Simpsons' Pub. Co.,</subfield><subfield code="c">1961-1964.</subfield></datafield><datafield ind1=" " ind2=" " tag="300"><subfield code="a">3 v. :</subfield><subfield code="b">ill.</subfield></datafield><datafield ind1=" " ind2=" " tag="310"><subfield code="a">Daily (except Sunday)</subfield></datafield><datafield ind1="0" ind2=" " tag="362"><subfield code="a">Vol. 73, no. 164 (July 14, 1961)-v. 76, no. 274 (Nov. 19, 1964).</subfield></datafield><datafield ind1=" " ind2=" " tag="500"><subfield code="a">On masthead: Kittanning-Ford City-New Bethlehem, Pa.</subfield></datafield><datafield ind1=" " ind2=" " tag="752"><subfield code="a">United States</subfield><subfield code="b">Pennsylvania</subfield><subfield code="c">Armstrong</subfield><subfield code="d">Kittanning.</subfield></datafield><datafield ind1="0" ind2="0" tag="780"><subfield code="t">Simpsons' daily leader-times</subfield><subfield code="w">(DLC)sn 87078037</subfield></datafield><datafield ind1="0" ind2="0" tag="785"><subfield code="t">Leader-times</subfield><subfield code="w">(DLC)sn 87078039</subfield></datafield></record>